@online{BN,
	author = {郭耀华},
	title = {\href{https://www.cnblogs.com/guoyaohua/p/8724433.html}{深入理解Batch Normalization批标准化}},
	date = {date},
	url = {https://www.cnblogs.com/guoyaohua/p/8724433.html},
}
@article{BNpaper,
	author    = {Sergey Ioffe and
	Christian Szegedy},
	title     = {Batch Normalization: Accelerating Deep Network Training by Reducing
	Internal Covariate Shift},
	journal   = {CoRR},
	volume    = {abs/1502.03167},
	year      = {2015},
	url       = {http://arxiv.org/abs/1502.03167},
	eprinttype = {arXiv},
	eprint    = {1502.03167},
	timestamp = {Mon, 13 Aug 2018 16:47:06 +0200},
	biburl    = {https://dblp.org/rec/journals/corr/IoffeS15.bib},
	bibsource = {dblp computer science bibliography, https://dblp.org}
}
@article{ResidualNetworksAreExponentialEnsembles,
	author    = {Andreas Veit and
	Michael J. Wilber and
	Serge J. Belongie},
	title     = {Residual Networks are Exponential Ensembles of Relatively Shallow
	Networks},
	journal   = {CoRR},
	volume    = {abs/1605.06431},
	year      = {2016},
	url       = {http://arxiv.org/abs/1605.06431},
	eprinttype = {arXiv},
	eprint    = {1605.06431},
	timestamp = {Mon, 13 Aug 2018 16:47:46 +0200},
	biburl    = {https://dblp.org/rec/journals/corr/VeitWB16.bib},
	bibsource = {dblp computer science bibliography, https://dblp.org}
}
@online{WhyResNetWorks,
	author = {TniL},
	title = {\href{https://zhuanlan.zhihu.com/p/80226180}{残差网络为什么有效}},
	date = {2020-05-13},
	url = {https://zhuanlan.zhihu.com/p/80226180}
}
@online{WhySGDworks?,
	author = {袁洋},
	title = {\href{https://zhuanlan.zhihu.com/p/27609238}{为什么随机梯度下降很有效?}},date = {2017-08-27},
	url = {https://zhuanlan.zhihu.com/p/27609238}
}
@article{PointNet,
	author    = {Charles Ruizhongtai Qi and
	Hao Su and
	Kaichun Mo and
	Leonidas J. Guibas},
	title     = {PointNet: Deep Learning on Point Sets for 3D Classification and Segmentation},
	journal   = {CoRR},
	volume    = {abs/1612.00593},
	year      = {2016},
	url       = {http://arxiv.org/abs/1612.00593},
	eprinttype = {arXiv},
	eprint    = {1612.00593},
	timestamp = {Wed, 11 Nov 2020 08:48:10 +0100},
	biburl    = {https://dblp.org/rec/journals/corr/QiSMG16.bib},
	bibsource = {dblp computer science bibliography, https://dblp.org}
}
@article{RCNN,
	author    = {Ross B. Girshick and
	Jeff Donahue and
	Trevor Darrell and
	Jitendra Malik},
	title     = {Rich feature hierarchies for accurate object detection and semantic
	segmentation},
	journal   = {CoRR},
	volume    = {abs/1311.2524},
	year      = {2013},
	url       = {http://arxiv.org/abs/1311.2524},
	eprinttype = {arXiv},
	eprint    = {1311.2524},
	timestamp = {Mon, 13 Aug 2018 16:48:09 +0200},
	biburl    = {https://dblp.org/rec/journals/corr/GirshickDDM13.bib},
	bibsource = {dblp computer science bibliography, https://dblp.org}
}
@online{FasterRCNNzh=cn,
	author = {白裳},
	title = {\href{https://zhuanlan.zhihu.com/p/31426458}{一文读懂Faster R-CNN}},
	date = {date},
	url = {https://zhuanlan.zhihu.com/p/31426458},
}
@online{kexuefm-autoencoder,
	title={\href{https://kexue.fm/archives/5343}{变分自编码器（二）：从贝叶斯观点出发}},
	author={苏剑林},
	year={2018},
	month={Mar},
	url={\url{https://kexue.fm/archives/5343}},
}